<?xml version="1.0" encoding="UTF-8"?><collection xmlns="http://www.loc.gov/MARC21/slim"><record><leader>00390nam--2200133-i-4500</leader><controlfield tag="001">000004961</controlfield><controlfield tag="002">20161230</controlfield><controlfield tag="005">20161230201026</controlfield><controlfield tag="008">060222s1000------------r-----000-0-eng-d</controlfield><datafield ind1=" " ind2=" " tag="100"><subfield code="a">Cartan, Elie</subfield></datafield><datafield ind1=" " ind2=" " tag="245"><subfield code="a">Lecons sur la geometrie des espaces de riemann deuxieme edition, revue et augmentee</subfield></datafield><datafield ind1=" " ind2=" " tag="260"><subfield code="a">Paris, Gauthier-villars, 1951</subfield></datafield><datafield ind1=" " ind2=" " tag="490"><subfield code="a">Cahiers Scientifiques, Fasc.Ii</subfield></datafield><datafield ind1=" " ind2=" " tag="852"><subfield code="a">..</subfield></datafield></record></collection>